@article{acha1999,
author = {Acha, Marcelo and Mianzan, Hermes and Lasta, Carlos and Guerrero, Raúl},
title = {{Estuarine Spawning of the Whitemouth Croaker Micropogonias Furnieri (Pisces : Sciaenidae), in the Río de la Plata, Argentina}},
year = {1999},
month = {01},
volume = {50},
journal = {Marine and Freshwater Research},
publisher = {CSIRO Publishing},
doi = {10.1071/MF98045}
}

@article{acha2004,
author = {Eduardo M. Acha and Hermes W. Mianzan and Raúl A. Guerrero and Marco Favero and José Bava},
title = {{Marine Fronts at the Continental Shelves of Austral South America: Physical and Ecological Processes}},
journal = {Journal of Marine Systems},
volume = {44},
number = {1},
pages = {83 - 105},
year = {2004},
publisher = {Science Direct},
issn = {0924-7963},
doi = {10.1016/j.jmarsys.2003.09.005},
}

@misc{aeronet,
author = {AERONET},
title = {{AERONET Official Website, \url{http://aeronet.gsfc.nasa.gov/}}},
note = {Visitada: Ago. 19, 2015. [Online]},
}

@inproceedings{alawadi2010,
author = {Fahad Alawadi},
title = {{Detection of Surface Algal Blooms Using the Newly Developed Algorithm Surface Algal Bloom Index (SABI)}},
volume = {7825},
booktitle = {Remote Sensing of the Ocean, Sea Ice, and Large Water Regions 2010},
editor = {Charles R. Bostater Jr. and Stelios P. Mertikas and Xavier Neyt and Miguel Velez-Reyes},
organization = {International Society for Optics and Photonics},
publisher = {SPIE},
pages = {45 - 58},
year = {2010},
doi = {10.1117/12.862096},
URL = {doi.org/10.1117/12.862096}
}

@article{alonso2007,
author = {Alonso-Alvarez, Carlos and Pérez, Cristobal and Velando, Alberto},
year = {2007},
month = {09},
pages = {103-10},
title = {{Effects of Acute Exposure to Heavy Fuel Oil from the Prestige Spill on a Seabird}},
volume = {84},
journal = {Aquatic toxicology (Amsterdam, Netherlands)},
doi = {10.1016/j.aquatox.2007.06.004}
}

@article{ahmad1982,
author = {Ahmad, Ziauddin and Fraser, Robert S.},
title = {{An Iterative Radiative Transfer Code for Ocean-Atmosphere Systems}},
journal = {Journal of the Atmospheric Sciences},
volume = {39},
number = {3},
pages = {656-665},
year = {1982},
doi = {10.1175/1520-0469(1982)039<0656:AIRTCF>2.0.CO;2},
}

@article{ahmad2010,
author = {Ziauddin Ahmad and Bryan A. Franz and Charles R. McClain and Ewa J. Kwiatkowska and Jeremy Werdell and Eric P. Shettle and Brent N. Holben},
journal = {Appl. Opt.},
number = {29},
pages = {5545-5560},
publisher = {OSA},
title = {{New Aerosol Models for the Retrieval of Aerosol Optical Thickness and Normalized Water-Leaving Radiances from the SeaWiFS and MODIS Sensors over Coastal Regions and open Oceans}},
volume = {49},
month = {Oct},
year = {2010},
url = {ao.osa.org/abstract.cfm?URI=ao-49-29-5545},
doi = {10.1364/AO.49.005545},
}

@article{antoine1999,
author = {David   Antoine  and  Andre   Morel},
title = {{A Multiple Scattering Algorithm for Atmospheric Correction of Remotely Sensed Ocean Colour (MERIS Instrument): Principle and Implementation for Atmospheres Carrying Various Aerosols Including Absorbing Ones}},
journal = {International Journal of Remote Sensing},
volume = {20},
number = {9},
pages = {1875-1916},
year  = {1999},
publisher = {Taylor \& Francis},
doi = {10.1080/014311699212533},
}


@article {babin2003a,
title = {{Light Scattering Properties of Marine Particles in Coastal and Open Ocean Waters as Related to the Particle Mass Concentration}},
journal = {Limnology and Oceanography},
volume = {48},
number = {2},
year = {2003},
month = {03},
pages = {843-859},
type = {Article},
isbn = {0024-3590},
doi = {10.4319/lo.2003.48.2.0843},
author = {Babin, M. and Morel, A. and Fournier-Sicre, V. and Fell, F. and Stramski, D.}
}

@article {babin2003b,
title = {{Variations in the Light Absorption Coefficients of Phytoplankton, Nonalgal Particles, and Dissolved Organic Matter in Coastal Waters around Europe}},
journal = {Journal of Geophysical Research-Oceans},
volume = {108},
pages = {3211-3231},
number = {C7},
year = {2003},
month = {07},
type = {Article},
doi = {10.1029/2001jc000882},
author = {Babin, M. and Stramski, D. and Ferrari, G. M. and Claustre, H. and Bricaud, A. and Obolensky, G. and Hoepffner, N.}
}

@article{badhwar1999,
author = {D Badhwar, G and V Kushin, V and YuA, Akatov and Myltseva, V.A},
year = {1999},
month = {07},
pages = {415-26},
title = {{Effects of Trapped Proton Flux Anisotropy on Dose Rates in Low Earth Orbit}},
volume = {30},
journal = {Radiation measurements},
publisher = {Elsevier},
doi = {10.1016/S1350-4487(99)00068-2}
}

@article{bailey2010,
author = {Sean W. Bailey and Bryan A. Franz and P. Jeremy Werdell},
journal = {Optics Express},
keywords = {Oceanic optics ; Passive remote sensing ; Absorption coefficient; Atmospheric correction; Radiative transfer; Rayleigh scattering; Remote sensing; Visible light},
number = {7},
pages = {7521-7527},
publisher = {OSA},
title = {{Estimation of Near-Infrared Water-Leaving Reflectance for Satellite Ocean Color Data Processing}},
volume = {18},
month = {03},
year = {2010},
url = {opticsexpress.org/abstract.cfm?URI=oe-18-7-7521},
doi = {10.1364/OE.18.007521},
}

@article{bale1994,
author = {Bale, A. J. and Tocher, M. D. and Weaver, R. and Hudson, S. J. and Aiken, J.},
title = {{Laboratory Measurements of the Spectral Properties of Estuarine Suspended Particles}},
journal = {Netherlands Journal of Aquatic Ecology},
volume = {28},
number = {237},
pages = {1573-5125},
year  = {1994},
publisher = {Kluwer Academic},
doi = {10.1007/BF02334190},
}

@article{bendavid2000,
author = {Ben-David, M. and Williams, Terrie and Ormseth, O.A.},
year = {2000},
month = {08},
pages = {1380-1390},
title = {{Effects of Oiling on Exercise Physiology and Diving Behavior of River Otters: A Captive Study}},
volume = {78},
journal = {Canadian Journal of Zoology-revue Canadienne De Zoologie - CAN J ZOOL},
doi = {10.1139/cjz-78-8-1380}
}

@article{blondeau2014,
title = {{A Review of Ocean Color Remote Sensing Methods and Statistical Techniques for the Detection, Mapping and Analysis of Phytoplankton Blooms in Coastal and Open Oceans}},
journal = {Progress in Oceanography},
volume = {123},
pages = {123 - 144},
year = {2014},
issn = {0079-6611},
doi = {10.1016/j.pocean.2013.12.008},
url = {sciencedirect.com/science/article/pii/S0079661114000020},
author = {David Blondeau-Patissier and James F. R. Gower and Arnold G. Dekker and Stuart R. Phinn and Vittorio E. Brando},
}

@article{bodhaine1999,
author = {Bodhaine, B. A. and Wood, N. B. and Dutton, E. G. and Slusser, J. R.},
title = {{On Rayleigh Optical Depth Calculations}},
journal = {Journal of Atmospheric and Oceanic Technology},
volume = {16},
number = {11},
pages = {1854-1861},
year = {1999},
doi = {10.1175/1520-0426(1999)016<1854:ORODC>2.0.CO;2},
}

@misc{bonn2004,
author = {Bonn, Agreement},
title = {{The Bonn Agreement Appearance Code, \url{http://bonnagreement.org/publications}}},
note = {Visitada: Jul. 19, 2019. [Online]},
}

@article{brekke2005,
title = {{Oil Spill Detection by Satellite Remote Sensing}},
author = {Camilla Brekke and Anne H. S. Solberg},
journal = {Remote Sensing of Environment},
volume = {95},
number = {1},
pages = {1-13},
year = {2005},
issn = {0034-4257},
doi = {10.1016/j.rse.2004.11.015},
}

@article{bricaud1981,
author = {Bricaud, Annick and Morel, Andre and Prieur, Louis},
title = {{Absorption by Dissolved Organic Matter of the Sea (Yellow Substance) in the UV and Visible Domains}},
journal = {Limnology and Oceanography},
volume = {26},
number = {1},
pages = {43-53},
doi = {10.4319/lo.1981.26.1.0043},
url = {aslopubs.onlinelibrary.wiley.com/doi/abs/10.4319/lo.1981.26.1.0043},
eprint = {aslopubs.onlinelibrary.wiley.com/doi/pdf/10.4319/lo.1981.26.1.0043},
year = {1981}
}

@inproceedings{brockmann2016,
author = {Brockmann, C. and Doerffer, R. and Peters, M. and Stelzer, K. and Embacher, S. and Ruescas, A.},
title = {{Evolution of the C2RCC Neural Network for Sentinel 2 and 3 for the Retrieval of Ocean Color Products in Normal and Extreme Optically Complex Waters}},
booktitle = {European Space Agency Special Publication},
year = 2016,
eventdate = {9–13 May},
location = {Prague, Czech Republic},
}

@misc{campbell,
author = {Campbell Scientific},
title = {{Campbell Scientific Official Website, OBS501: Smart Turbidity Meter with Antifouling Features, \url{http://campbellsci.es/obs501}}},
note = {Visitada: Nov. 22, 2019. [Online]},
}

@article{carr2006,
author = {Carr, M. and Friedrichs, Marjorie and Schmeltz, M. and Aita, M. and Antoine, David and Arrigo, K. and Asanuma, Ichio and Aumont, O. and Barber, Richard and Behrenfeld, M. and Bidigare, Robert and Buitenhuis, Erik and Campbell, Janet and Ciotti, Aurea and Dierssen, Heidi and Dowell, Mark and Dunne, J. and Esaias, Wayne and Gentili, B. and Le Quéré, Corinne},
year = {2006},
month = {01},
pages = {},
title = {{A Comparison of Global Estimates of Marine Primary Production From Ocean Color}},
journal = {Deep-Sea Research Part II-Topical Studies in Oceanography, v.53, 741-770 (2006)}
}

@article{carvalho2014,
author = {Melissa Carvalho},
year = {2014},
month = {07},
pages = {01-04},
title = {{Ocean Color Study Suggests the Presence of the La Plata Plume in Santos Bay, Brazil}},
volume = {62},
journal = {Brazilian Journal of Oceanography}
}

@article{chavez1995,
author = {Chavez, Francisco P.},
title = {{A Comparison of Ship and Satellite Chlorophyll from California and Peru}},
journal = {Journal of Geophysical Research: Oceans},
volume = {100},
number = {C12},
pages = {24855-24862},
doi = {10.1029/95JC02738},
url = {agupubs.onlinelibrary.wiley.com/doi/abs/10.1029/95JC02738},
eprint = {agupubs.onlinelibrary.wiley.com/doi/pdf/10.1029/95JC02738},
year = {1995}
}

@inproceedings{chen2017, 
author={P. Chen and Y. Li}, 
booktitle={2017 4th International Conference on Information, Cybernetics and Computational Social Systems (ICCSS)}, 
title={{Signal Processing of Oil Detection in Port Area Based on UV-induced Fluorescence}},
year={2017},
pages={32-35}, 
doi={10.1109/ICCSS.2017.8091378}, 
month={07},
eventdate = {24-26 July},
location = {Dalian, China}
,}

@article{chomko2001,
author = {Chomko, M. R. and Gordon, H.},
year = {2001},
month = {07},
pages = {2973-84},
title = {{Atmospheric Correction of Ocean Color Imagery: Test of the Spectral Optimization Algorithm with the Sea-Viewing Wide Field-Of-View Sensor}},
volume = {40},
journal = {Applied optics},
doi = {10.1364/AO.40.002973}
}

@techreport{cie2016,
title = {{Part 5: CIE 1976 L*U*V* Colour Space and U', V' Uniform Chromaticity Scale Diagram. International Standard ISO/CIE 11664}},
author = {{Technical Committee: CIE  International Commission on Illumination}},
group = {},
year = {2016},
number = {WMO/TD, no. 24.; WCP (Series), 112.},
address = {Switzerland},
month = {09},
institution = {Commission Internationale de l' Eclairage (2016) Colorimetry}
}

@techreport{clark2010,
title = {{A Method for Quantitative Mapping of Thick Oil Spills Using Imaging Spectroscopy}},
author = {Clark, R. N. and Swayze, Gregg and Leifer, Ira and Livo, K. E. and Kokaly, Raymond and Hoefen, T. and Lundeen, S. and Eastwood, M. and Green, R. O. and Pearson, N. and Sarture, C. and McCubbin, I. and Roberts, D. and Bradley, E. and Steele, D. and Ryan, T. and Dominguez, R.},
number = {1},
address = {Reston, Virginia},
institution = {U.S. Geological Survey},
year = {2010},
month = {08},
pages = {1-51},
volume = {2010-1167},
}

@misc{coda,
author = {CODA},
title = {{Copernicus Online Data Access, \url{http://coda.eumetsat.int}}},
note = {Visitada: Feb. 1, 2018. [Online]},
}

@article{cohen1998,
author = {Cohen, Andrew and Carlton, James},
year = {1998},
month = {02},
pages = {555-8},
title = {{Accelerating Invasion Rate in a Highly Invaded Estuary}},
volume = {279},
journal = {Science (New York, N.Y.)},
doi = {10.1126/science.279.5350.555}
}

@misc{conaeSMar,
author = {{Gobierno de la República Argentina}},
title = {{Página oficial del gobierno de la República Argentina, \url{http://argentina.gob.ar/ciencia/conae/misiones-espaciales/sabia-mar}}},
note = {Visitada: Ene. 10, 2019. [Online]},
}

@article{coxmunk1954,
author = {Charles Cox and Walter Munk},
journal = {J. Opt. Soc. Am.},
keywords = {Electromagnetic radiation; Light intensity; Light wavelength; Reflection coefficient; Refractive index; Surface roughness measurement},
number = {11},
pages = {838-850},
publisher = {OSA},
title = {{Measurement of the Roughness of the Sea Surface From Photographs of the Sun's Glitter}},
volume = {44},
month = {11},
year = {1954},
doi = {10.1364/JOSA.44.000838},
}

@book{cravens1997,
author = {Cravens, Thomas},
title = {{Physics of Solar System Plasmas}},
year = {2004},
publisher = {Cambridge University Press},
doi = {10.1017/CBO9780511529467},
isbn = {0521611946}
}

@article{cui2012,
author = {Ting-Wei Cui  and  Jie   Zhang  and  Li-E   Sun  and  Yong-Jun   Jia  and  Wenjing   Zhao  and  Zong-Ling   Wang  and  Jun-Min   Meng },
title = {{Satellite Monitoring of Massive Green Macroalgae Bloom (GMB): Imaging Ability Comparison of Multi-Source Data and Drifting Velocity Estimation}},
journal = {International Journal of Remote Sensing},
volume = {33},
number = {17},
pages = {5513-5527},
year  = {2012},
publisher = {Taylor \& Francis},
doi = {10.1080/01431161.2012.663112},
URL = {doi.org/10.1080/01431161.2012.663112},
eprint = {doi.org/10.1080/01431161.2012.663112}}

    
@article{curran1989,
author={P. J. Curran and J. L. Dungan},
journal={IEEE Transactions on Geoscience and Remote Sensing},
title={{Estimation of Signal-To-Noise: a New Procedure Applied to AVIRIS Data}},
year={1989},
volume={27},
number={5},
pages={620-628},
doi={10.1109/TGRS.1989.35945},
ISSN={1558-0644},
month={Sep.}}

@MastersThesis{damico2015,
author     =     {D'Amico, G. and Corsini, M. Diani and J. Nieke},
title     =     {{Prompt-Particle-Events in ESA's EnviSat/MERIS and Sentinel-3/OLCI Data: Observations, Analysis and Recommendations}},
school     =     {University of Pisa},
address     =     {Pisa, Italy},
year     =     {2015},
}


@inproceedings{delgado2018, 
author={Ana Laura Delgado and Paula Pratolongo and Juan Ignacio Gossn and Ana Inés Dogliotti and Maximiliano Arena and Diana Villagran and Melisa Fernandez Severini},
booktitle={Proceedings of the XXIV Ocean Optics Conference}, 
title={{Evaluation of Derived Total Suspended Matter Products From Ocean and Land Colour Instrument Imagery (OLCI) in the Inner and Mid-Shelf of Buenos Aires Province (Argentina)}}, 
year={2017},
pages={1-9}, 
doi={10.1002/essoar.10500050.1}, 
month={10},
eventdate = {7-12},
location = {Dubrovnik, Croatia}}

@techreport{dominguez2009,
title = {{Seguimiento del impacto del derrame de petróleo propiedad de la empresa Shell en la vegetación de la faja costera de Magdalena a partir de trabajo de campo y utilización de sensores remotos Y SIG}},
author = {Domínguez, A. and Achkar, M. and Freyre, L. and Miranda, M. and Meitin, A.},
number = {3},
address = {La Plata, Buenos Aires},
institution = {Fundación Ala Plástica, en el marco de la iniciativa GIS/RIZOMA},
year = {2009},
month = {08},
pages = {1-25},
volume = {},
}

@article{doerffer2007,
author = { R.   Doerffer  and  H.   Schiller },
title = {{The MERIS Case 2 Water Algorithm}},
journal = {International Journal of Remote Sensing},
volume = {28},
number = {3-4},
pages = {517-535},
year  = {2007},
publisher = {Taylor \& Francis},
doi = {10.1080/01431160600821127},
}

@inproceedings{dogliotti2011,
author = {Dogliotti, A. I., and Ruddick, K., and Nechad, B., and Lasta, C.},
title = {{Improving Water Reflectance Retrieval From MODIS Imagery in the Highly Turbid Waters of La Plata River}},
booktitle = {Sentinel-3 for Science Workshop},
 year = 2011,
series = {Proceedings of VI International Conference: Current problems in optics of natural waters (ONW 2011)},
volume = 734,
month = 12,
pages = {152},
publisher = {Publishing House Nauka of RAS},
location = {St. Petersburg, Russia},
}

@techreport{dogliotti2014,
author = {Dogliotti, A. I. and Grings, F. M. and Gossn, J. I. and Perna, P. and Salvia, M.;
Karszenbaum, H.},
year = {2014},
month = {04},
pages = {1-51},
title = {{Evaluación de las distintas componentes de la radiación solar que llegan al sensor para el estudio del color del mar: su aplicación en la costa occidental de océano atlántico.}},
institution = {CONICET(IAFE)-CONAE},
address = {Buenos Aires, Argentina},
}

@article{dogliotti2015,
title = {{A Single Algorithm to Retrieve Turbidity From Remotely-Sensed Data in All Coastal and Estuarine Waters}},
journal = {Remote Sensing of Environment},
volume = {156},
pages = {157 - 168},
year = {2015},
issn = {0034-4257},
doi = {10.1016/j.rse.2014.09.020},
url = {sciencedirect.com/science/article/pii/S0034425714003654},
author = {A. I. Dogliotti and K. G. Ruddick and B. Nechad and D. Doxaran and E. Knaeps},
}

@article{dogliotti2016,
title = {{Seasonal and Inter-Annual Turbidity Variability in the Río de la Plata From 15 Years of MODIS: El Niño Dilution Effect}},
journal = {Estuarine, Coastal and Shelf Science},
volume = {182},
pages = {27 - 39},
year = {2016},
issn = {0272-7714},
doi = {10.1016/j.ecss.2016.09.013},
url = {sciencedirect.com/science/article/pii/S0272771416303729},
author = {A. I. Dogliotti and K. Ruddick and R. Guerrero},
}

@inproceedings{dogliotti2016b,
   author = {Dogliotti, A. I. and Gossn, J. I. and Vanhellemont, Q. and Ruddick, K.},
    title = {{Large Invasion of Floating Aquatic Plants in the Río de la Plata Estuary! Proceeding of Ocean Optics XXIII Conference. Victoria (BC)}},
booktitle = {Ocean Optics 2016},
     year = 2016,
eventdate = {23-28 October 2016},
 location = {Victoria, BC, Canada},
}

@article{dogliotti2018,
  title = {{Detecting and Quantifying a Massive Invasion of Floating Aquatic Plants in the Río de la Plata Turbid Waters Using High Spatial Resolution Ocean Color Imagery}},
  author={Ana I. Dogliotti and Juan Ignacio Gossn and Quinten Vanhellemont and Kevin Ruddick},
  journal={Remote Sensing},
  year = {2018},
  volume = {10},
  number = {7},
  pages = {1140}}

@inproceedings{dogliottiGossn2019,
   author = {Dogliotti, A. I. and Gossn, J. I.},
    title = {{Validation of S3-OLCI Water Reflectance Derived From Standard, C2RCC, BLR and DSF Processors in Complex Turbid Waters of Río de la Plata (Argentina)}},
booktitle = {5th. Sentinel-3 Validation Team Meeting},
     year = 2019,
    month = {05},
eventdate = {7-9},
 location = {Frascati, Italy}}

@article{doxaran2002,
author = {Doxaran, D. and Froidefond, J.-M. and Castaing, P.},
title = {{Spectral Signature of Highly Turbid Waters: Application With Spot Data to Quantify Suspended Particulate Matter Concentrations}},
journal = {Remote Sensing of Environment},
volume = {81},
number = {1},
pages = {149 - 161},
year = {2002},
issn = {0034-4257},
doi = {10.1016/S0034-4257(01)00341-8},
}

@article{doxaran2006,
author = {D. Doxaran  and  P. Castaing and S.J. Lavender},
title = {{Monitoring the Maximum Turbidity Zone and Detecting Fine‐Scale Turbidity Features in the Gironde Estuary Using High Spatial Resolution Satellite Sensor (Spot Hrv, LandSat ETM+) Data}},
journal = {International Journal of Remote Sensing},
volume = {27},
number = {11},
pages = {2303-2321},
year  = {2006},
publisher = {Taylor \& Francis},
doi = {10.1080/01431160500396865},
}

@article{duggin1985,
author = {M. J. Duggin  and  H.   Sakhavat  and  J.   Lindsay },
title = {{The Systematic and Random Variation of Recorded Radiance in a LandSat Thematic Mapper Image}},
journal = {International Journal of Remote Sensing},
volume = {6},
number = {7},
pages = {1257-1261},
year  = {1985},
publisher = {Taylor \& Francis},
doi = {10.1080/01431168508948276},
URL = {10.1080/01431168508948276},
eprint = {10.1080/01431168508948276}}

@article{dutkiewicz2019,
author = {Dutkiewicz, Stephanie and Hickman, Anna and Jahn, Oliver and Henson, Stephanie and Beaulieu, Claudie and Monier, Erwan},
year = {2019},
month = {02},
pages = {578},
title = {{Ocean Colour Signature of Climate Change}},
volume = {10},
journal = {Nature Communications},
doi = {10.1038/s41467-019-08457-x}
}

@misc{eumetsat,
author = {EUMETSAT},
title = {{EUMETSAT Official Website, Copernicus Online Data Access, \url{http://eumetsat.int/website/home/Data/DataDelivery/CopernicusOnlineDataAccess/index.html}}},
note = {Visitada: Jul. 18, 2019. [Online]},
}

@misc{esacloud,
author = {ESA},
title = {{European Space Agency Official Website, Average Cloud Cover, \url{http://esa.int/spaceinimages/Images/2013/09/Cloud_cover}}},
note = {Visitada: Jul. 18, 2019. [Online]}}

@misc{esasrf,
author = {ESA},
title = {{European Space Agency Official Website, Sentinel-3 OLCI-A Spectral Response Functions, \url{http://sentinel.esa.int/web/sentinel/technical-guides/sentinel-3-olci/olci-instrument/spectral-response-function-data}}},
note = {Visitada: Dec. 11, 2017. [Online]}
}

@techreport{eu2008,
author = {European Union},
year = {2008},
volume = {164},
pages = {19-40},
title = {{Directive 2008/56/Ec of the European Parliament and of the Council of 17 June 2008 Establishing a Framework for Community Action in the Field of Marine Environmental Policy (Marine Strategy Framework Directive)}},
institution = {Journal of the European Union}
}

@article{everitt2003,
author = {Everitt, JH and Alaniz, Maxi A. and Davis, M. R.},
year = {2003},
month = {07},
pages = {93-98},
title = {{Using Spatial Information Technologies to Detect and Map Waterhyacinth and Hydrilla Infestations in the Lower Rio Grande}},
volume = {41},
journal = {J. Aquat. Plant Manage}
}

@article{framinan1996,
title = {{Study of the Río de la Plata Turbidity Front, Part 1: Spatial and Temporal Distribution}},
journal = {Continental Shelf Research},
volume = {16},
number = {10},
pages = {1259 - 1282},
year = {1996},
issn = {0278-4343},
doi = {10.1016/0278-4343(95)00071-2},
author = {Framiñan, M. B. and Brown, O. B.},
}

@article{freire2007,
author= {Freire, Paula and Taborda, Rui and Silva, Ana M.},
title= {{Sedimentary Characterization of Tagus Estuarine Beaches (Portugal)}},
journal= {Journal of Soils and Sediments},
year= {2007},
month= {Oct},
day= {01},
volume= {7},
number= {5},
pages= {296-302},
doi= {10.1065/jss2007.08.243}
}

@article{frouin1996,
author = {Frouin, Robert and Schwindling, Myriam and Deschamps, Pierre-Yves},
title = {{Spectral Reflectance of Sea Foam in the Visible and Near-Infrared: in Situ Measurements and Remote Sensing Implications}},
journal = {Journal of Geophysical Research: Oceans},
volume = {101},
number = {C6},
pages = {14361-14371},
doi = {10.1029/96JC00629},
url = {agupubs.onlinelibrary.wiley.com/doi/abs/10.1029/96JC00629},
eprint = {agupubs.onlinelibrary.wiley.com/doi/pdf/10.1029/96JC00629},
year = {1996}
}

@article{frouin2015,
title = {{Bayesian Methodology for Inverting Satellite Ocean-Color Data}},
journal = {Remote Sensing of Environment},
volume = {159},
pages = {332 - 360},
year = {2015},
issn = {0034-4257},
doi = {doi.org/10.1016/j.rse.2014.12.001},
url = {sciencedirect.com/science/article/pii/S0034425714004775},
author = {Robert Frouin and Bruno Pelletier}}

@article{fusilli2013,
title = {{Assessment of the Abnormal Growth of Floating Macrophytes in Winam Gulf (Kenya) By Using MODIS Imagery Time Series}},
journal = {International Journal of Applied Earth Observation and Geoinformation},
volume = {20},
pages = {33 - 41},
year = {2013},
note = {Earth Observation and Geoinformation for Environmental Monitoring},
issn = {0303-2434},
doi = {doi.org/10.1016/j.jag.2011.09.002},
url = {sciencedirect.com/science/article/pii/S0303243411001231},
author = {L. Fusilli and M. O. Collins and G. Laneve and A. Palombo and S. Pignatti and F. Santini}}

@article{garcia2008,
author = {Garcia, Carlos and Garcia, Virginia},
year = {2008},
month = {07},
pages = {1568-1578},
title = {{Variability of Chlorophyll-a From Ocean Color Images in the La Plata Continental Shelf Region}},
volume = {28},
journal = {Continental Shelf Research},
doi = {10.1016/j.csr.2007.08.010}
}

@article{gilerson2010,
author = {Alexander A. Gilerson and Anatoly A. Gitelson and Jing Zhou and Daniela Gurlin and Wesley Moses and Ioannis Ioannou and Samir A. Ahmed},
journal = {Optics Express},
keywords = {Oceanic optics ; Remote sensing and sensors ; Absorption coefficient; Absorption spectroscopy; Bidirectional reflectance distribution function; Ocean color; Oceanic optics; Remote sensing},
number = {23},
pages = {24109-24125},
publisher = {OSA},
title = {{Algorithms for Remote Estimation of Chlorophyll-a in Coastal and Inland Waters Using Red and Near Infrared Bands}},
volume = {18},
month = {11},
year = {2010},
doi = {10.1364/OE.18.024109},
}

@article{gippel1995,
author = {Gippel, Chris},
year = {1995},
month = {01},
pages = {83-97},
title = {{Potential of Turbidity Monitoring for Measuring the Transport of Suspended Solids in Streams}},
volume = {9},
journal = {Hydrological Processes}
}

@article{gitelson1992,
author = {Gitelson, A. A.},
title = {{The Peak Near 700 nm On Radiance Spectra of Algae and Water: Relationships of Its Magnitude and Position With Chlorophyll Concentration}},
journal = {International Journal of Remote Sensing},
volume = {13},
number = {17},
pages = {3367-3373},
year  = {1992},
publisher = {Taylor \& Francis},
doi = {10.1080/01431169208904125},
}

@article{gons2005,
author = {Gons, Herman J. and Rijkeboer, Machteld and Ruddick, Kevin G.},
title = {{Effect of a Waveband Shift On Chlorophyll Retrieval from MERIS Imagery of Inland and Coastal Waters}},
journal = {Journal of Plankton Research},
volume = {27},
number = {1},
pages = {125-127},
year = {2005},
doi = {10.1093/plankt/fbh151},
}

@article{gordon1973,
author = {Howard R. Gordon},
journal = {Appl. Opt.},
number = {12},
pages = {2803-2804},
publisher = {OSA},
title = {{Simple Calculation of the Diffuse Reflectance of the Ocean}},
volume = {12},
month = {Dec},
year = {1973},
url = {ao.osa.org/abstract.cfm?URI=ao-12-12-2803},
doi = {10.1364/AO.12.002803},
abstract = {},
}


@article{gordon1978,
author = {Howard R. Gordon},
journal = {Appl. Opt.},
keywords = {Aerosol effects; Forward scattering; Optical depth; Optical properties; Rayleigh scattering; Scattering theory},
number = {10},
pages = {1631-1636},
publisher = {OSA},
title = {{Removal of Atmospheric Effects From Satellite Imagery of the Oceans}},
volume = {17},
month = {May},
year = {1978},
url = {ao.osa.org/abstract.cfm?URI=ao-17-10-1631},
doi = {10.1364/AO.17.001631}
}

@article{gordon1980,
author = {Howard R. Gordon and Clark, Dennis K.},
journal = {Boundary-Layer Meteorology},
keywords = {Aerosol effects; Forward scattering; Optical depth; Optical properties; Rayleigh scattering; Scattering theory},
number = {3},
pages = {299–313},
publisher = {OSA},
title = {{Atmospheric Effects in the Remote Sensing of Phytoplankton Pigments}},
volume = {18},
month = {May},
year = {1980},
url = {doi.org/10.1007/BF00122026},
doi = {10.1007/BF00122026}
}

@article{gordon1981,
author = {Howard R. Gordon and Dennis K. Clark},
journal = {Appl. Opt.},
keywords = {Atmospheric correction; Attenuation coefficient; Fresnel reflection; Optical depth; Rayleigh scattering; Remote sensing},
number = {24},
pages = {4175-4180},
publisher = {OSA},
title = {{Clear Water Radiances for Atmospheric Correction of Coastal Zone Color Scanner Imagery}},
volume = {20},
month = {Dec},
year = {1981},
url = {ao.osa.org/abstract.cfm?URI=ao-20-24-4175},
doi = {10.1364/AO.20.004175},
}

@article{gordon1987,
author = {Howard R. Gordon and Diego J. Castaño},
journal = {Appl. Opt.},
keywords = {Atmospheric correction; Molecular scattering; Multiple scattering; Optical depth; Radiative transfer; Rayleigh scattering},
number = {11},
pages = {2111-2122},
publisher = {OSA},
title = {{Coastal Zone Color Scanner Atmospheric Correction Algorithm: Multiple Scattering Effects}},
volume = {26},
month = {Jun},
year = {1987},
url = {ao.osa.org/abstract.cfm?URI=ao-26-11-2111},
doi = {10.1364/AO.26.002111},
}

@article{gordon1988,
author = {Howard R. Gordon and James W. Brown and Robert H. Evans},
journal = {Appl. Opt.},
keywords = {Atmospheric correction; Molecular scattering; Multiple scattering; Radiative transfer; Rayleigh scattering; Scattering polarization},
number = {5},
pages = {862-871},
publisher = {OSA},
title = {{Exact Rayleigh Scattering Calculations for Use With the Nimbus-7 Coastal Zone Color Scanner}},
volume = {27},
month = {Mar},
year = {1988},
url = {ao.osa.org/abstract.cfm?URI=ao-27-5-862},
doi = {10.1364/AO.27.000862},
}

@article{gordon1994,
author = {Howard R. Gordon and Menghua Wang},
journal = {Applied Optics},
keywords = {Atmospheric correction; Extinction coefficients; Mie theory; Molecular scattering; Multiple scattering; Rayleigh scattering},
number = {3},
pages = {443-452},
publisher = {OSA},
title = {{Retrieval of Water-Leaving Radiance and Aerosol Optical Thickness Over the Oceans With SeaWIFS: a Preliminary Algorithm}},
volume = {33},
month = {01},
year = {1994},
doi = {10.1364/AO.33.000443},
}

@article{gordon1994b,
author = {Howard R. Gordon and Menghua Wang},
journal = {Appl. Opt.},
keywords = {Aerosols; Atmospheric correction; Bidirectional reflectance distribution function; Multiple scattering; Rayleigh scattering; Remote sensing},
number = {33},
pages = {7754-7763},
publisher = {OSA},
title = {{Influence of Oceanic Whitecaps On Atmospheric Correction of Ocean-Color Sensors}},
volume = {33},
month = {Nov},
year = {1994},
url = {ao.osa.org/abstract.cfm?URI=ao-33-33-7754},
doi = {10.1364/AO.33.007754}
}


@techreport{gordon1999,
author = {Gordon, H. R. and Voss, K. J.},
year = {1999},
publisher={},
month = {04},
pages = {1-100},
title = {{MODIS Normalized Water-Leaving Radiance Algorithm Theoretical Basis Document}},
number = {NAS5-31363, Version 4},
institution = {NASA Goddard Space Flight Center},
address = {Greenbelt, Maryland, USA},
}

@inproceedings{gossn2016, 
author={J. I. Gossn and R. Frouin and A. I. Dogliotti and F. M. Grings}, 
booktitle={2016 IEEE Biennial Congress of Argentina (ARGENCON)}, 
title={{SWIR-based Atmospheric Correction for Satellite Ocean Color Using Principal Component Analysis Decomposition over the la Plata River Highly Turbid Waters}}, 
year={2016},
volume={}, 
number={}, 
pages={1-6}, 
doi={10.1109/ARGENCON.2016.7585311}, 
ISSN={null}, 
month={June}}

@techreport{gossn2018a,
author = {Gossn, Juan I. and Grings, F. M. and Roitberg, E. and Morandeira, N. and Dogliotti, A. I. and Franco, M. and Barber, M. and Salvia, M.},
year = {2018},
publisher={},
month = {12},
pages = {1-21},
title = {{Caracterización de derrames utilizando técnicas de polarimetría SAR. Informe de avance del Proyecto AO para el desarrollo de Aplicaciones en el Área Oceanográfica con Imágenes SAR de la Misión SAOCOM CONICET(IAFE)/CONAE}},
number = {Entregables 3},
institution = {IAFE/CONAE},
address = {Buenos Aires, Argentina},
}

@article{gossn2018,
author = {Gossn, Juan Ignacio},
year = {2018},
month = {10},
pages = {1-5},
title = {{Effect of Prompt Particle Events On OLCI Ocean Color Imagery in the South Atlantic Anomaly: Detection and Removal}},
volume = {10.1109/LGRS.2018.2872172},
journal = {IEEE Geoscience and Remote Sensing Letters},
doi = {10.1109/LGRS.2018.2872172}
}

@article{gossn2019,
author = {Gossn, J.  I. and Ruddick, K. G. and Dogliotti, A. I.},
year = {2019},
month = {10},
pages = {1-24},
title = {{Atmospheric Correction of OLCI Imagery Over Extremely Turbid Waters Based On the Red, NIR and 1016 nm Bands and a New Baseline Residual Technique}},
volume = {11},
number = {3},
journal = {Remote Sensing (MDPI)},
doi = {10.3390/rs11030220}
}

@inproceedings{gower2008,
author = {Gower, Jim and King, Stephanie},
title = {{Satellite Images Show the Movement of Floating Sargassum in the Gulf of Mexico and Atlantic Ocean}},
year = {2008},
month = {05},
pages = {},
volume = {3},
booktitle = {Nature Proceedings},
doi = {10.1038/npre.2008.1894.1},
}

@article{gower2008b,
author = { J.   Gower  and  S.   King  and  P.   Goncalves },
title = {{Global Monitoring of Plankton Blooms Using MERIS Mci}},
journal = {International Journal of Remote Sensing},
volume = {29},
number = {21},
pages = {6209-6216},
year  = {2008},
publisher = {Taylor \& Francis},
doi = {10.1080/01431160802178110},
}


@article{gohin2011,
author = {Gohin, Francis},
year = {2011},
month = {10},
pages = {705-732},
title = {{Annual Cycles of Chlorophyll-a, Non-Algal Suspended Particulate Matter, and Turbidity Observed From Space and In-Situ in Coastal Waters}},
volume = {7},
journal = {Ocean Science},
doi = {10.5194/os-7-705-2011}
}

@article{guerreiro2015,
author = {Guerreiro, M. and Fortunato, André and Freire, Paula and Rilo, Ana and Taborda, Rui and Freitas, Maria and Andrade, Cesar and Silva, Tiago and Rodrigues, Marta and Bertin, X. and Azevedo, Alberto},
year = {2015},
month = {03},
pages = {65-80},
title = {{Evolution of the Hydrodynamics of the Tagus Estuary (Portugal) in the 21St Century}},
volume = {15},
journal = {Revista de Gestao Costeira Integrada},
doi = {10.5894/rgci515}
}

@article{guerrero1997,
title = {{Physical Oceanography of the Río de la Plata Estuary, Argentina}},
author = {Raúl A. Guerrero and Eduardo M. Acha and Mariana B. Framiñan and Carlos A. Lasta},
journal = {Continental Shelf Research},
volume = {17},
number = {7},
pages = {727-742},
year = {1997},
issn = {0278-4343},
doi = {10.1016/S0278-4343(96)00061-1},
url = {sciencedirect.com/science/article/pii/S0278434396000611},
}

@article{gui2018,
author = {Xiao Gui and Shuqiang Wei and Ting Hu},
year = {2018},
month = {01},
pages = {617-622},
title = {{Application of Obs501 Turbidity Meter to Monitor Sediment Concentration}},
volume = {07},
journal = {Journal of Water Resources Research},
doi = {10.12677/JWRR.2018.76070}
}

@article{gross2007,
author = {Gross, Lydwine and Colzy, Stéphane and Frouin, Robert and Henry, Patrice},
year = {2007},
month = {09},
pages = {},
title = {{A General Ocean Color Atmospheric Correction Scheme Based On Principal Components Analysis: Part I. Performance On Case 1 and Case 2 Waters}},
volume = {6680},
journal = {SPIE Proceedings},
doi = {10.1117/12.738508}}

@article{hammad1948,
author = {Hammad, A.},
title = {{{The Primary and Secondary Scattering of Sunlight in a Plane-Stratified Atmosphere of Uniform Composition}}},
journal = {The Astrophysical Journal},
year = {1948},
month = {Nov},
volume = {108},
pages = {338},
doi = {10.1086/145072},
adsurl = {ui.adsabs.harvard.edu/abs/1948ApJ...108..338H},
}

@techreport{hazmat1996,
author = {HAZMAT},
year = {1996},
publisher={NOAA},
month = {04},
pages = {15},
title = {{Aerial Observations of Oil At Sea}},
number = {Report No. 96-7},
institution = {NOAA Hazardous Materials Response and Assessment Division},
address = {},
}

@article{he2012,
author = {Xianqiang He and Yan Bai and Delu Pan and Junwu Tang and Difeng Wang},
journal = {Optics Express},
keywords = {Atmospheric and oceanic optics ; Oceanic optics ; Atmospheric correction; Absorption coefficient; Atmospheric correction; Atmospheric scattering; Particle scattering; Remote sensing; Visible light},
number = {18},
pages = {20754-20770},
publisher = {OSA},
title = {{Atmospheric Correction of Satellite Ocean Color Imagery Using the Ultraviolet Wavelength for Highly Turbid Waters}},
volume = {20},
month = {08},
year = {2012},
doi = {10.1364/OE.20.020754},
}

@article{heirtzler2002,
author = {J. R. Heirtzler},
title = {{The Future of the South Atlantic Anomaly and Implications for Radiation Damage in Space}},
journal = {Journal of Atmospheric and Solar-Terrestrial Physics},
volume = {64},
number = {16},
pages = {1701 - 1708},
year = {2002},
note = {Space Weather Effects on Technological Systems},
doi = {doi.org/10.1016/S1364-6826(02)00120-7},
keywords = {South Atlantic Anomoly (SAA), Radiation damage},
}

@article{hu2009,
title = {{A Novel Ocean Color Index to Detect Floating Algae in the Global Oceans}},
journal = {Remote Sensing of Environment},
volume = {113},
number = {10},
pages = {2118 - 2129},
year = {2009},
issn = {0034-4257},
doi = {doi.org/10.1016/j.rse.2009.05.012},
url = {sciencedirect.com/science/article/pii/S0034425709001710},
author = {Chuanmin Hu},
keywords = {Floating Algae Index (FAI), NDVI, EVI, Algal bloom, , , , Atmospheric correction, Remote sensing, Ocean color, Climate data record},
}

@article{hu2010,
author = {Hu, Chuanmin and Li, Daqiu and Chen, Changsheng and Ge, Jianzhong and Muller-Karger, Frank and Liu, Junpeng and Yu, Feng and He, Ming-Xia},
year = {2010},
month = {05},
pages = {pp},
title = {{On the Recent Ulva Prolifera Blooms in the Yellow Sea and East China Sea}},
volume = {115},
journal = {Journal of Geophysical Research},
doi = {10.1029/2009JC005561}
}

@article{hu2010b,
author = {Hu, Chuanmin and Lee, Zhongping and Ma, Ronghua and Yu, Kun and Li, Daqiu and Shang, Shaoling},
title = {{Moderate Resolution Imaging Spectroradiometer (MODIS) Observations of Cyanobacteria Blooms in Taihu Lake, China}},
journal = {Journal of Geophysical Research: Oceans},
year = {2010},
volume = {115},
number = {C4},
doi = {10.1029/2009JC005511},
url = {agupubs.onlinelibrary.wiley.com/doi/abs/10.1029/2009JC005511}}

@article{hu2015,
title = {{Spectral and Spatial Requirements of Remote Measurements of Pelagic Sargassum Macroalgae}},
author = {Chuanmin Hu},
journal = {Remote Sensing of Environment},
volume = {167},
pages = {229 - 246},
year = {2015},
note = {Special Issue on the Hyperspectral Infrared Imager (HyspIRI)},
issn = {0034-4257},
doi = {doi.org/10.1016/j.rse.2015.05.022},
url = {sciencedirect.com/science/article/pii/S0034425715300225}}

@article{hu2017,
title = {{Remote Estimation of Biomass of Ulva Prolifera Macroalgae in the Yellow Sea}},
journal = {Remote Sensing of Environment},
volume = {192},
pages = {217 - 227},
year = {2017},
issn = {0034-4257},
doi = {doi.org/10.1016/j.rse.2017.01.037},
url = {sciencedirect.com/science/article/pii/S0034425717300470},
author = {Lianbo Hu and Chuanmin Hu and He Ming-Xia}}

@misc{invap,
author = {INVAP},
title = {{Página oficial de INVAP, \url{http://www.invap.com.ar/es/espacial-y-gobierno/proyectos-espaciales/sabia-mar.html}}},
note = {Visitada: Ene. 10, 2019. [Online]},
}

@techreport{ioccg2008,
author = {Platt, T. and Hoepffner, N. and Stuart, V. and Brown, C.},
year = {2008},
month = {},
pages = {1-147},
institution = {Ocean-Colour Coordinating Group, No. 7, IOCCG},
title = {{IOCCG. Why Ocean Colour? the Societal Benefits of Ocean-Colour Technology}},
url = {ioccg.org/reports/report7.pdf},
address = {Dartmouth, Canada},
}

@article{jamet2005,
author = {Jamet, Cédric and Thiria, Sylvie and Moulin, C. and Crépon, Michel},
year = {2005},
month = {04},
pages = {460-475},
title = {{Use of a Neurovariational Inversion for Retrieving Oceanic and Atmospheric Constituents From Ocean Color Imagery: a Feasibility Study}},
volume = {22},
journal = {Journal Of Atmospheric And Oceanic Technology},
doi = {10.1175/JTECH1688.1}
}

@article{jaureguizar2003,
author = {Jaureguizar, Andrés and C. Menni, R and Bremec, Claudia and W. Mianzan, H and Lasta, Carlos},
title = {{Fish Assemblage and Environmental Patterns in the Río de la Plata Estuary}},
year = {2003},
month = {04},
pages = {921-933},
volume = {56},
journal = {Estuarine, Coastal and Shelf Science},
publisher = {Elsevier},
doi = {10.1016/S0272-7714(02)00288-3},
}

@article{keesing2011,
title = {{Inter- and Intra-Annual Patterns of Ulva Prolifera Green Tides in the Yellow Sea During 2007–2009, Their Origin and Relationship to the Expansion of Coastal Seaweed Aquaculture in China}},
journal = {Marine Pollution Bulletin},
volume = {62},
number = {6},
pages = {1169 - 1182},
year = {2011},
issn = {0025-326X},
doi = {doi.org/10.1016/j.marpolbul.2011.03.040},
url = {sciencedirect.com/science/article/pii/S0025326X11001834},
author = {John K. Keesing and Dongyan Liu and Peter Fearns and Rodrigo Garcia}}

@article{knaeps2012,
   author = {Knaeps, E. and Dogliotti, A. I. and Raymaekers, D. and Ruddick, K. and Sterckx, S.},
    title = {{{In Situ Evidence of Non-Zero Reflectance in the OLCI 1020nm Band for a Turbid Estuary}}},
  journal = {Remote Sensing of Environment},
     year = 2012,
    month = 05,
   volume = 120,
    pages = {133-144},
      doi = {10.1016/j.rse.2011.07.025},
}

@article{koepke1984,
author = {Peter Koepke},
journal = {Appl. Opt.},
keywords = {Atmospheric scattering; Diffuse reflectance; Multiple scattering; Refractive index; Remote sensing; Visible light},
number = {11},
pages = {1816-1824},
publisher = {OSA},
title = {{Effective Reflectance of Oceanic Whitecaps}},
volume = {23},
month = {Jun},
year = {1984},
url = {ao.osa.org/abstract.cfm?URI=ao-23-11-1816},
doi = {10.1364/AO.23.001816},
}

@article{kou1993,
author = {Linhong Kou and Daniel Labrie and Petr Chylek},
journal = {Appl. Opt.},
number = {19},
pages = {3531-3540},
publisher = {OSA},
title = {{Refractive Indices of Water and Ice in the 0.65- to 2.5-$\mu$m Spectral Range}},
volume = {32},
month = {Jul},
year = {1993},
url = {ao.osa.org/abstract.cfm?URI=ao-32-19-3531},
doi = {10.1364/AO.32.003531},
}

@book{kramer1994,
author = {Cravens, Thomas},
title = {{Observation of the Earth and Its Environment : Survey of Missions and Sensors}},
year = {2014},
publisher = {Berlin and Heidelberg GmbH \& Co. KG},
doi = {10.1017/CBO9780511529467},
isbn = {978-3-642-56294-5},
}

@techreport{lafrance2002,
author = {Lafrance, B.},
year = {2002},
month = {05},
pages = {1-147},
institution = {CNES, Laboratoire de Optique Atmosphérique},
title = {{Manuel Utilisateur Du Code Des Osd}},
address = {Lille, France},
}

@article{lavender2005,
title = {{Modification to the Atmospheric Correction of SeaWIFS Ocean Colour Images Over Turbid Waters}},
journal = {Continental Shelf Research},
volume = {25},
number = {4},
pages = {539 - 555},
year = {2005},
issn = {0278-4343},
doi = {10.1016/j.csr.2004.10.007},
url = {sciencedirect.com/science/article/pii/S027843430400247X},
author = {S. J. Lavender and M. H. Pinkerton and G. F. Moore and J. Aiken and D. Blondeau-Patissier}
}

@misc{landsat1,
author = {GSFC},
title = {{Earth Observatory Portal, LandSat Missions, LandSat-1, \url{http://landsat.gsfc.nasa.gov/landsat-1/}}},
note = {Visitada: Ene. 08, 2020. [Online]}
}

@article{lee2016,
author = {Zhongping Lee and Shaoling Shang and Gong Lin and Jun Chen and David Doxaran},
journal = {Applied Optics},
keywords = {Atmospheric and oceanic optics ; Oceanic optics ; Absorption; Radiative transfer; Remote sensing and sensors ; Absorption coefficient; Particle scattering; Passive remote sensing; Radiative transfer; Remote sensing; Scattering media},
number = {7},
pages = {1738-1750},
publisher = {OSA},
title = {{On the Modeling of Hyperspectral Remote-Sensing Reflectance of High-Sediment-Load Waters in the Visible to Shortwave-Infrared Domain}},
volume = {55},
month = {03},
year = {2016},
doi = {10.1364/AO.55.001738},
}

@article{leifer2012,
title = {{State of the Art Satellite and Airborne Marine Oil Spill Remote Sensing: Application to the BP Deepwater Horizon Oil Spill}},
author = {Ira Leifer and William J. Lehr and Debra Simecek-Beatty and Eliza Bradley and Roger Clark and Philip Dennison and Yongxiang Hu and Scott Matheson and Cathleen E. Jones and Benjamin Holt and Molly Reif and Dar A. Roberts and Jan Svejkovsky and Gregg Swayze and Jennifer Wozencraft},
journal = {Remote Sensing of Environment},
volume = {124},
pages = {185 - 209},
year = {2012},
doi = {doi.org/10.1016/j.rse.2012.03.024},
}

@article{lenoble2007,
author = {Lenoble, J. and Herman, M. and Deuzé, J .L. and Lafrance, B. and 
Santer, R. and Tanre, D.},
title = {{A Successive Order of Scattering Code for Solving the Vector Equation of Transfer in the Earth's Atmosphere With Aerosols}},
journal = {Journal of Quantitative Spectroscopy \&
Radiative Transfer},
year = 2007,
month = 10,
volume = 107,
pages = {479-507},
doi = {10.1016/j.jqsrt.2007.03.010},
}

@article{letelier1996,
author = {Letelier, Ricardo and Abbott, Mark},
year = {1996},
month = {11},
pages = {215-223},
title = {{An Analysis of Chlorophyll Fluorescence Algorithms for the Moderate Resolution Imaging Spectrometer (MODIS)}},
volume = {58},
journal = {Remote Sensing of Environment},
doi = {10.1016/S0034-4257(96)00073-9}
}

@article{li2019,
author = {Li, Junsheng and Yin, Ziyao and Lu, Zoe and Ye, Yuntao and Zhang, Fangfang and Shen, Qian},
year = {2019},
month = {07},
pages = {1670},
title = {{Regional Vicarious Calibration of the SWIR-Based Atmospheric Correction Approach for MODIS-Aqua Measurements of Highly Turbid Inland Water}},
volume = {11},
journal = {Remote Sensing},
doi = {10.3390/rs11141670}
}

@article{liang2017,
author = {Liang, Qichun and Zhang, Yuchao and Ma, Ronghua and Loiselle, Steven and Li, Jing and Hu, Minqi},
title = {{A MODIS-Based Novel Method to Distinguish Surface Cyanobacterial Scums and Aquatic Macrophytes in Lake Taihu}},
journal = {Remote Sensing},
volume = {9},
year = {2017},
number = {2},
article-number = {133},
url = {mdpi.com/2072-4292/9/2/133},
issn = {2072-4292},
doi = {10.3390/rs9020133}
}

@article{loisel2001,
author = { H.   Loisel  and  A.   Morel },
title = {{Non-Isotropy of the Upward Radiance Field in Typical Coastal (Case 2) Waters}},
journal = {International Journal of Remote Sensing},
volume = {22},
number = {2-3},
pages = {275-295},
year  = {2001},
publisher = {Taylor \& Francis},
doi = {10.1080/014311601449934},
}


@article{luo2018,
author = {Yafei Luo and David Doxaran and Kevin Ruddick and Fang Shen and Bernard Gentili and Liwen Yan and Haijun Huang},
journal = {Optics Express},
number = {8},
pages = {10435-10451},
publisher = {OSA},
title = {{Saturation of Water Reflectance in Extremely Turbid Media Based On Field Measurements, Satellite Data and Bio-Optical Modelling}},
volume = {26},
month = {04},
year = {2018},
doi = {10.1364/OE.26.010435},
}

@article{macchi1996,
author = {Macchi, G. J. and E. M. Acha and Carlos A. Lasta},
title = {{Desove y fecundidad de la corvina rubia (Micropogonias Furnieri, Desmarest, 1826) en el estuario del Río de la Plata, Argentina}},
journal = {Boletín. Instituto Español de Oceanografía},
volume = {12},
number = {2},
year = {1996},
pages = {99-113},
issn = {0212-1565},
}

@article{mason2001,
author = {Mason, Simon and Goddard, Lisa},
year = {2001},
month = {04},
pages = {619-638},
title = {{Probabilistic Precipitation Anomalies Associated With ENSO}},
volume = {82},
journal = {Bulletin of the American Meteorological Society},
doi = {10.1175/1520-0477(2001)082<0619:PPAAWE>2.3.CO;2}
}

@article{marchetti2013,
title = {{Vegetation and its Relationship with Geomorphologic Units in the Parana River Floodplain, Argentina}},
journal = {Journal of South American Earth Sciences},
volume = {46},
pages = {122 - 136},
year = {2013},
issn = {0895-9811},
doi = {doi.org/10.1016/j.jsames.2013.03.010},
url = {sciencedirect.com/science/article/pii/S0895981113000473},
author = {Z. Y. Marchetti and E. M. Latrubesse and M. S. Pereira and C. G. Ramonell}}


@inproceedings{mianzan2001,
author = {Mianzan, H. W. and Acha, E. M. and Guerrero, R. A. and Ramírez, F. C. and Sorarrain, D. R. and Simionato, C. G. and Borús, R.},
title = {{South Brazilian Marine Fauna in the Río de la Plata Estuary: Discussing the Barrier Hypothesis}},
booktitle = {COLACMAR IX (Congreso Latinoamericano en Ciencias Marinas)},
year = 2001,
eventdate = {16-20 September},
location = {Isla San Andrés, Colombia},
}

@article{michaelis2011,
author = {Michaelis, Leonor and Menten, Maud and Johnson, Kenneth and Goody, Roger},
year = {2011},
month = {09},
pages = {8264-9},
title = {{The Original Michaelis Constant: Translation of the 1913 Michaelis-Menten Paper}},
volume = {50},
journal = {Biochemistry},
doi = {10.1021/bi201284u}
}

@article{min2004,
title = {{A Successive Order of Scattering Model for Solving Vector Radiative Transfer in the Atmosphere}},
journal = {Journal of Quantitative Spectroscopy and Radiative Transfer},
volume = {87},
number = {3},
pages = {243 - 259},
year = {2004},
issn = {0022-4073},
doi = {doi.org/10.1016/j.jqsrt.2003.12.019},
url = {sciencedirect.com/science/article/pii/S0022407303003911},
author = {Qilong Min and Minzheng Duan}}

@book{minotti2013,
author = {Minotti, P. and Ramonell, C. and Kandus, P.},
title = {{Regionalización del corredor fluvial Paraná-Paraguay. Inventario de los humedales de Argentina: sistemas de paisajes de humedales del corredor fluvial Paraná-Paraguay}},
year = {2013},
publisher = {Eds. Secretaría de Ambiente y Desarrollo Sustentable, Jefatura de Gabinete de Ministros de la Nación, Buenos Aires, Argentina, 2013},
isbn = {978-987-29340-0-2}
}

@book{mishchenko2002,
  author={Mishchenko, M. I. and Travis, L. D. and Lacis, A. A.},
  title={{Scattering, Absorption, and Emission of Light by Small Particles}},
  year={2002},
  publisher={Cambridge University Press},
  address={Cambridge},
}

@book{mobley1994,
title = {{Light and Water: Radiative Transfer in Natural Waters}},
subtitle = {The Science of Microfabrication},
author = {Mobley, Curtis D.},
year = {1994},
publisher = {San Diego: Academic Press},
}

@article{mobley1999,
author = {Curtis D. Mobley},
journal = {Applied Optics},
number = {36},
pages = {7442-7455},
publisher = {OSA},
title = {{Estimation of the Remote-Sensing Reflectance From Above-Surface Measurements}},
volume = {38},
month = {12},
year = {1999},
doi = {10.1364/AO.38.007442},
}

@techreport{mobley2016,
author = {Mobley, Curtis D. and Werdell, Jeremy and Franz, Bryan and Ahmad, Ziauddin and Bailey, Sean},
year = {2016},
month = {06},
pages = {1-75},
institution = {NASA Goddard Space Flight Center},
title = {{Atmospheric Correction for Satellite Ocean Color Radiometry}},
doi = {10.13140/RG.2.2.23016.78081},
address = {Greenbelt, MD, USA, USA},
}

@article{moore1999,
author = {Moore, G. F. and Aiken, J. and Lavender, S. J.},
title = {{{The Atmospheric Correction of Water Colour and the Quantitative Retrieval of Suspended Particulate Matter in Case II Waters: Application to MERIS}}},
journal = {International Journal of Remote Sensing},
 year = 1999,
month = 06,
volume = 20,
pages = {1713-1733},
doi = {10.1080/014311699212434},
}

@techreport{moore2011,
author = {Moore, G. and Lavender, S.},
year = {2011},
month = {06},
pages = {1-41},
institution = {ESA},
title = {{Algorithm Identification: Case II.S Bright Pixel Atmospheric Correction}},
address = {Online}
}


@techreport{moore2017,
author = {Moore, G. and Mazeran, C. and Huot, J-P.},
year = {2017},
month = {03},
pages = {1-82},
institution = {ESA},
title = {{Case II.S Bright Pixel Atmospheric Correction}},
address = {Online}
}

@article{moreira2013,
author = {Moreira, Diego and Simionato, Claudia and Gohin, Francis and Cayocca, Florence and Luz Clara, Moira},
year = {2013},
month = {09},
pages = {51-66},
title = {{Suspended Matter Mean Distribution and Seasonal Cycle in the Río de La Plata Estuary and the Adjacent Shelf from Ocean Color Satellite (MODIS) and In-Situ Observations}},
volume = {68},
journal = {Continental Shelf Research},
doi = {10.1016/j.csr.2013.08.015}
}


@article{morel1996,
author = {André Morel and Bernard Gentili},
journal = {Applied Optics},
keywords = {Atmospheric correction; Molecular scattering; Optical properties; Particle scattering; Radiative transfer; Visible light},
number = {24},
pages = {4850-4862},
publisher = {OSA},
title = {{Diffuse Reflectance of Oceanic Waters. III. Implication of Bidirectionality for the Remote-Sensing Problem}},
volume = {35},
month = {08},
year = {1996},
doi = {10.1364/AO.35.004850},
}

@article{morel2002,
author = {André Morel and David Antoine and Bernard Gentili},
journal = {Appl. Opt.},
keywords = {Oceanic optics ; Multiple scattering; Scattering, molecules; Scattering, particles; Scattering, Raman; Backscattering; Elastic scattering; Inelastic scattering; Molecular scattering; Multiple scattering; Particle scattering},
number = {30},
pages = {6289-6306},
publisher = {OSA},
title = {{Bidirectional Reflectance of Oceanic Waters: Accounting for Raman Emission and Varying Particle Scattering Phase Function}},
volume = {41},
month = {Oct},
year = {2002},
url = {ao.osa.org/abstract.cfm?URI=ao-41-30-6289},
doi = {10.1364/AO.41.006289},
}


@techreport{mueller2003,
author = {Mueller, L. J. and Morel, A and Frouin, Robert and Davis, Curtiss and Arnone, Robert and Carder, Kendall and Li, Zengpeng and Steward, R.G. and Hooker, Stanford and Mobley, Curtis and Mclean, Scott and Holben, Brent and Miller, Mark and Pietras, Chris and Knobelspiesse, K and Fargion, Giulietta and Porter, John and Voss, Kenneth},
year = {2003},
publisher={},
month = {01},
pages = {1-78},
title = {{Ocean Optics Protocols for Satellite Ocean Color Sensor Validation, Revision 4, Volume III: Radiometric Measurements and Data Analysis Protocols}},
number = {NASA/TM-2003-21621/Rev-Vol III},
institution = {NASA Goddard Space Flight Center},
address = {Greenbelt, Maryland, USA},
}


@misc{nasa,
author = {NASA},
title = {{Earth Observatory Portal, Measuring Earth's Magnetism, \url{http://earthobservatory.nasa.gov/IOTD/view.php?id=84266}}},
note = {Visitada: Jul. 18, 2019. [Online]},
}

@article{nechad2010,
title = {{Calibration and Validation of a Generic Multisensor Algorithm for Mapping of Total Suspended Matter in Turbid Waters}},
journal = {Remote Sensing of Environment},
volume = {114},
number = {4},
pages = {854 - 866},
year = {2010},
issn = {0034-4257},
doi = {10.1016/j.rse.2009.11.022},
author = {B. Nechad and K.G. Ruddick and Y. Park},
}

@book{nieke2004,
author = {Nieke, J. and Mavrocordatos, C. and Donlon, C. and Berruti, B.},
title = {{Optical Payloads for Space Missions}},
chapter = {Chapter 10. The Sentinel-3 Ocean and Land Colour Imager},
year = {2004},
publisher = {S-E Qian, Canadian Space Agency},
doi = {10.1017/CBO9780511529467},
isbn = {9781118945148},
}

@misc{noaa,
author = {NOAA},
title = {{National Oceanic and Atmospheric Administration Official Webpage, Tides and Currents Forecasts, Harmful Algal Bloom Forecasts, \url{http://tidesandcurrents.noaa.gov/hab_info.html}}},
note = {Visitada: Jul. 17, 2019. [Online]}
}

@article{novoa2017,
AUTHOR = {Novoa, Stéfani and Doxaran, David and Ody, Anouck and Vanhellemont, Quinten and Lafon, Virginie and Lubac, Bertrand and Gernez, Pierre},
TITLE = {Atmospheric Corrections and Multi-Conditional Algorithm for Multi-Sensor Remote Sensing of Suspended Particulate Matter in Low-to-High Turbidity Levels Coastal Waters},
JOURNAL = {Remote Sensing},
VOLUME = {9},
YEAR = {2017},
NUMBER = {1},
ARTICLE-NUMBER = {61},
URL = {mdpi.com/2072-4292/9/1/61},
ISSN = {2072-4292},
DOI = {10.3390/rs9010061},
}

@article{odermatt2016,
title = {{Review of Constituent Retrieval in Optically Deep and Complex Waters From Satellite Imagery}},
journal = {Remote Sensing of Environment},
volume = {118},
pages = {116 - 126},
year = {2012},
issn = {0034-4257},
doi = {doi.org/10.1016/j.rse.2011.11.013},
url = {sciencedirect.com/science/article/pii/S0034425711004081},
author = {Daniel Odermatt and Anatoly Gitelson and Vittorio Ernesto Brando and Michael Schaepman},
}

@misc{obpg,
author = {OBPG},
title = {{Ocean Color Biology Processing Group Official Webpage, \url{http://oceancolor.gsfc.nasa.gov}}},
note = {Visitada: Ene. 14, 2019. [Online]},
}

@article{oyama2015,
author = {Yoichi Oyama and Bunkei Matsushita and Takehiko Fukushima},
title = {{Distinguishing Surface Cyanobacterial Blooms and Aquatic Macrophytes Using LandSat/TM and ETM+ Shortwave Infrared Bands}},
journal = {Remote Sensing of Environment},
volume = {157},
pages = {35 - 47},
year = {2015},
note = {Special Issue: Remote Sensing of Inland Waters},
issn = {0034-4257},
doi = {doi.org/10.1016/j.rse.2014.04.031},
url = {sciencedirect.com/science/article/pii/S0034425714002302}}

@misc{pampaazul,
author = {{Gobierno de la República Argentina}},
title = {{Página Oficial de la Iniciativa Pampa Azul, \url{http://www.pampazul.gob.ar}}},
note = {Visitada: Ene. 10, 2019. [Online]},
}

@misc{pampaazulrdp,
author = {{Gobierno de la República Argentina}},
title = {{Página Oficial de la Iniciativa Pampa Azul, Áreas Prioritarias, Sistema Marítimo-Fluvial del Río de la Plata, \url{http://www.pampazul.gob.ar/areas-prioritarias/sistema-maritimo-del-rio-de-la-plata}}},
note = {Visitada: Ene. 10, 2019. [Online]},
}

@article{petus2010,
year = {2010},
title = {{Estimating Turbidity and Total Suspended Matter in the Adour River Plume (South Bay of Biscay) Using MODIS 250-M Imagery}},
journal = {Continental Shelf Research},
editor = {Pergamon-elsevier Science Ltd},
volume = {30},
number = {5},
pages = {379-392},
author = {Petus Caroline and Chust Guillem and Gohin Francis and Doxaran David and Froidefond Jean-Marie and Sagarminaga Yolanda},
doi = {doi.org/10.1016/j.csr.2009.12.007}}

@article{philpot1991,
author = {Philpot, William},
year = {1991},
month = {06},
pages = {350 - 357},
title = {{The Derivative Ratio Algorithm: Avoiding Atmospheric Effects in Remote Sensing}},
volume = {29},
journal = {Geoscience and Remote Sensing, IEEE Transactions on},
doi = {10.1109/36.79425}
}

@article{pinet2017,
author = {Sylvain Pinet and Jean-Michel Martinez and Sylvain Ouillon and Bruno Lartiges and Raul Espinoza Villar},
journal = {Optics Express},
keywords = {Water; Particles; Radiative transfer; Radiometry ; Absorption coefficient; Attenuation coefficient; Optical properties; Particle scattering; Remote sensing; Scanning electron microscopy},
number = {8},
pages = {283-310},
publisher = {OSA},
title = {{Variability of Apparent and Inherent Optical Properties of Sediment-Laden Waters in Large River Basins; Lessons From in Situ Measurements and Bio-Optical Modeling}},
volume = {25},
month = {04},
year = {2017},
doi = {10.1364/OE.25.00A283},
}

@article{piola2004,
author = {Piola, Alberto and Romero, Silvia},
year = {2004},
month = {12},
pages = {},
title = {{Space-Time Variability of the Plata River Plume}},
volume = {68},
journal = {Gayana (Concepción)},
doi = {10.4067/S0717-65382004000300030}
}

@article{piola2008,
author = {Piola, Alberto and Romero, Silvia and Zajaczkovski, Uriel},
year = {2008},
month = {07},
pages = {1556-1567},
title = {{Space-Time Variability of the Plata Plume Inferred From Ocean Color}},
volume = {28},
journal = {Continental Shelf Research - CONT SHELF RES},
doi = {10.1016/j.csr.2007.02.013}
}

@article{plourde1993,
author = {Plourde, S., and Runge, J. A.},
title = {{Reproduction of the Planktonic Copepod Calanus Finmarchicus in the Lower St Lawrence Estuary: Relation to the Cycle of Phytoplankton Production and Evidence for a Calanus Pump}},
journal = {Marine Ecology Progress Series},
volume = {102},
number = {3},
pages = {217-227},
year  = {1993},
publisher = {Inter Research},
doi = {10.3354/meps095217}}

@article{pope1997,
author = {Robin M. Pope and Edward S. Fry},
journal = {Appl. Opt.},
number = {33},
pages = {8710-8723},
publisher = {OSA},
title = {{Absorption Spectrum (380-700 nm) of Pure Water. II. Integrating Cavity Measurements}},
volume = {36},
month = {Nov},
year = {1997},
url = {ao.osa.org/abstract.cfm?URI=ao-36-33-8710},
doi = {10.1364/AO.36.008710},
}

@article{qi2014,
title = {{A Novel MERIS Algorithm to Derive Cyanobacterial Phycocyanin Pigment Concentrations in a Eutrophic Lake: Theoretical Basis and Practical Considerations}},
journal = {Remote Sensing of Environment},
volume = {154},
pages = {298 - 317},
year = {2014},
issn = {0034-4257},
doi = {doi.org/10.1016/j.rse.2014.08.026},
url = {sciencedirect.com/science/article/pii/S003442571400323X},
author = {Lin Qi and Chuanmin Hu and Hongtao Duan and Jennifer Cannizzaro and Ronghua Ma}}


@article{renosh2019,
title = {{Evaluation of Atmospheric Correction Algorithms for Sentinel-2-MSI and Sentinel-3-OLCI in Highly Turbid Estuarine Waters}},
author = {Pannimpullath Remanan Renosh and David Doxaran and Juan Ignacio Gossn},
journal = {Remote Sensing of Environment},
volume = {},
pages = {},
year = {(in press)},
issn = {},
doi = {},
url = {}}

@misc{repo,
author = {{Gossn, Juan Ignacio}},
title = {{Repositorio con los códigos principales de mi tesis doctoral, \url{http://github.com/juanchossn/scripts_tesis_doctoral}}},
note = {Visitada: Ene. 30, 2019. [Online]},
}

@article{ridoux2004,
author = {Ridoux, Vincent and Lafontaine, Lionel and Caurant, Florence and Dabin, Willy and Delcroix, Cécile and Hassani, Sami and Meynier, Laureline and Silva, Vasco and Simonin, Sylvie and Robert, Michel and Spitz, Jerome and Canneyt, Olivier},
year = {2004},
month = {07},
pages = {},
title = {{The Impact of the Erika Oil Spill On Pelagic and Coastal Marine Mammals: Combining Demographic, Ecological, Trace Metals and Biomarker Evidences}},
volume = {17},
journal = {dx.doi.org/10.1051/alr:2004031},
doi = {10.1051/alr:2004031}
}

@article{ropewelski1987,
author = {Ropelewski, C. F. and Halpert, M. S.},
title = {{Global and Regional Scale Precipitation Patterns Associated With the El Niño/Southern Oscillation}},
journal = {Monthly Weather Review},
volume = {115},
number = {8},
pages = {1606-1626},
year = {1987},
doi = {10.1175/1520-0493(1987)115<1606:GARSPP>2.0.CO;2},
URL = {doi.org/10.1175/1520-0493(1987)115<1606:GARSPP>2.0.CO;2},
eprint = {doi.org/10.1175/1520-0493(1987)115<1606:GARSPP>2.0.CO;2}
}

@article{ruddick2000,
author = {Kevin George Ruddick and Fabrice Ovidio and Machteld Rijkeboer},
journal = {Applied Optics},
keywords = {Atmospheric optics; Oceanic optics ; Remote sensing and sensors ; Aerosol effects; Atmospheric correction; Atmospheric properties; Atmospheric transmittance; Image quality; Remote sensing},
number = {6},
pages = {897-912},
publisher = {OSA},
title = {{Atmospheric Correction of SeaWIFS Imagery for Turbid Coastal and Inland Waters}},
volume = {39},
month = {02},
year = {2000},
doi = {10.1364/AO.39.000897},
}

@article{ruddick2006,
author = {Ruddick, Kevin George and De Cauwer, Vera and Park, Young-Je and Moore, Gerald},
year = {2006},
month = {03},
pages = {1167–1179},
title = {{Seaborne Measurements of Near Infrared Water-Leaving Reflectance: the Similarity Spectrum for Turbid Waters}},
volume = {51},
journal = {Limnology and Oceanography},
doi = {10.2307/3841124}
}

@inproceedings{ruddick2015,
   author = {Ruddick, K. and Vanhellement, Q.},
    title = {{Use of OLCI and SLSTR Bands for Atmospheric Correction Over Turbid Coastal and Inland Waters}},
booktitle = {Proceedings of the Sentinel-3 for Science Workshop},
     year = 2015,
   series = {ESA Special Publication},
   volume = 734,
    month = 06,
      eid = {55},
    pages = {55},
eventdate = {2-5 June},
 location = {Venice-Lido, Italy},
}

@article{ruddick2019,
author = {Ruddick, and Voss, Kenneth and Boss, Emmanuel and Castagna, Alexandre and Frouin, Robert and Gilerson, and Hieronymi, Martin and Johnson, and Kuusk, Joel and Lee, and Ondrusek, Michael and Vabson, Viktor and Vendt, Riho},
year = {2019},
month = {09},
pages = {2198},
title = {{A Review of Protocols for Fiducial Reference Measurements of Water-Leaving Radiance for Validation of Satellite Remote-Sensing Data Over Water}},
volume = {11},
journal = {Remote Sensing},
doi = {10.3390/rs11192198}
}

@article{runge1996,
author = {Jeffrey A. Runge  and  Stéphane Plourde },
title = {{Fecundity Characteristics of Calanus Finmarchicus in Coastal Waters of Eastern Canada}},
journal = {Ophelia},
volume = {44},
number = {1-3},
pages = {171-187},
year  = {1996},
publisher = {Taylor and Francis},
doi = {10.1080/00785326.1995.10429846}
}

@inproceedings{sanchez2018,
title = {{El color de las lagunas pampeanas}},
author = {Sánchez, M. L. and Dogliotti, A. I. and Gossn, J. I. and Schiaffino, R.},
booktitle = {XXVIII Reunión Argentina de Ecología},
eventdate = {29 de octubre},
year = {2018},
month = {11},
place = {Mar del Plata (Buenos Aires, Argentina)}
}

@article{sen1968,
author = { Pranab   Kumar   Sen },
title = {{Estimates of the Regression Coefficient Based On Kendall's Tau}},
journal = {Journal of the American Statistical Association},
volume = {63},
number = {324},
pages = {1379-1389},
year  = {1968},
publisher = {Taylor \& Francis},
doi = {10.1080/01621459.1968.10480934},
URL = {tandfonline.com/doi/abs/10.1080/01621459.1968.10480934},
eprint = {tandfonline.com/doi/pdf/10.1080/01621459.1968.10480934}
}


@article{shen2010,
author = {Shen, Fang and Zhou, Yun-Xuan and Li, Dao-Ji and Zhu, Wei-Jian and Salama, Mhd},
year = {2010},
month = {09},
pages = {4635-4650},
title = {{Medium Resolution Imaging Spectrometer (MERIS) Estimation of Chlorophyll-a Concentration in the Turbid Sediment-Laden Waters of the Changjiang (Yangtze) Estuary}},
volume = {31},
journal = {International Journal of Remote Sensing - INT J REMOTE SENS},
doi = {10.1080/01431161.2010.485216}
}

@article{shettle1979,
author = {Shettle, E. and Fenn, R.},
year = {1979},
month = {09},
pages = {1-94},
volume = {676},
title = {{Models for the Aerosols of the Lower Atmosphere and the Effects of Humidity Variations On Their Optical Properties}},
journal = {Environmental Research Papers}
}

@article{shi2007,
title = {{Detection of Turbid Waters and Absorbing Aerosols for the MODIS Ocean Color Data Processing}},
journal = {Remote Sensing of Environment},
volume = {110},
number = {2},
pages = {149 - 161},
year = {2007},
issn = {0034-4257},
doi = {10.1016/j.rse.2007.02.013},
author = {Shi, W. and Wang, M.},
}

@article{shi2009,
author = {Shi, Wei and Wang, Menghua},
title = {{Green Macroalgae Blooms in the Yellow Sea During the Spring and Summer of 2008}},
journal = {Journal of Geophysical Research: Oceans},
volume = {114},
number = {C12},
pages = {},
keywords = {macroalgae blooms monitoring, macroalgae optical properties, remote sensing},
doi = {10.1029/2009JC005513},
url = {agupubs.onlinelibrary.wiley.com/doi/abs/10.1029/2009JC005513},
eprint = {agupubs.onlinelibrary.wiley.com/doi/pdf/10.1029/2009JC005513},
year = {2009}
}


@article{siegel2000,
author = {David A. Siegel and Menghua Wang and Stéphane Maritorena and Wayne Robinson},
journal = {Applied Optics},
number = {21},
pages = {3582-3591},
publisher = {OSA},
title = {{Atmospheric Correction of Satellite Ocean Color Imagery: the Black Pixel Assumption}},
volume = {39},
month = {07},
year = {2000},
url = {ao.osa.org/abstract.cfm?URI=ao-39-21-3582},
doi = {10.1364/AO.39.003582},
}

@article{simis2012,
author = {Simis, Stefan G. H. and Kauko, Hanna M.},
title = {{In Vivo Mass-Specific Absorption Spectra of Phycobilipigments Through Selective Bleaching}},
journal = {Limnology and Oceanography: Methods},
volume = {10},
number = {4},
pages = {214-226},
doi = {10.4319/lom.2012.10.214},
url = {aslopubs.onlinelibrary.wiley.com/doi/abs/10.4319/lom.2012.10.214},
eprint = {aslopubs.onlinelibrary.wiley.com/doi/pdf/10.4319/lom.2012.10.214},
year = {2012}}

@article{snedden2007,
author = {Snedden, Gregg and Cable, Jaye and Swarzenski, Christopher and Swenson, Erick},
year = {2007},
month = {01},
pages = {181-193},
title = {{Sediment Discharge Into a Subsiding Louisiana Deltaic Estuary Through a Mississippi River Diversion}},
volume = {71},
journal = {Estuarine, Coastal and Shelf Science},
doi = {10.1016/j.ecss.2006.06.035}
}

@article{smith1981,
author = {Smith, Ray and Baker, Karen},
year = {1981},
month = {01},
pages = {177-84},
title = {{Optical Properties of the Clearest Natural Waters (200-800 nm)}},
volume = {20},
journal = {Applied optics},
doi = {10.1364/AO.20.000177}
}

@article{steinmetz2011,
author = {Steinmetz, F. and Deschamps, P.-Y. and Ramon, D.},
journal = {Optics Express},
number = {10},
pages = {9783-9800},
publisher = {OSA},
title = {{Atmospheric Correction in Presence of Sun Glint: Application to MERIS}},
volume = {19},
month = {05},
year = {2011},
doi = {10.1364/OE.19.009783}
}

@article{stramska2003,
author = {Stramska, Malgorzata and Petelski, Tomasz},
title = {{Observations of Oceanic Whitecaps in the North Polar Waters of the Atlantic}},
journal = {Journal of Geophysical Research: Oceans},
volume = {108},
number = {C3},
pages = {},
keywords = {whitecaps, air-sea interactions, wave breaking, polar Atlantic, sea surface, sea state},
doi = {10.1029/2002JC001321},
url = {agupubs.onlinelibrary.wiley.com/doi/abs/10.1029/2002JC001321},
eprint = {agupubs.onlinelibrary.wiley.com/doi/pdf/10.1029/2002JC001321},
year = {2003}
}

@article{stumpf2003,
author = {Stumpf, Richard and Arnone, Robert and W. Gould, R and M. Martinolich, P and Ransibrahmanakul, Varis},
title = {{A Partially Coupled Ocean-Atmosphere Model for Retrieval of Water-Leaving Radiance From SeaWIFS in Coastal Waters}},
year = {2003},
month = {05},
pages = {51-59},
institution = {National Aeronautics and Space Administration},
volume = {206892},
journal = {NASA Tech. Memo}
}

@article{stumpf2003b,
author = {Stumpf, Richard and Culver, M.E. and Tester, Patricia and Tomlinson, Michelle and Kirkpatrick, Gary and Pederson, B.A. and Truby, E. and Ransibrahmanakul, Varis and Soracco, M.},
year = {2003},
month = {06},
pages = {147-160},
title = {{Monitoring Karenia Brevis Blooms in the Gulf of Mexico Using Satellite Ocean Color Imagery and Other Data}},
volume = {2},
journal = {Harmful Algae},
doi = {10.1016/S1568-9883(02)00083-5}
}

@inproceedings{sturrock1994,
author = {Sturrock, P. A. and Klimchuk, J. A. and Roumeliotis, G. and Antiochos, S. K.},
title = {{The Asymptotic Behavior of Force-Free Magnetic-Field Configurations, Solar Active Region Evolution: Comparing Models With Observations}},
year = {1994},
month = {05},
pages = {},
volume = {3},
booktitle = {Nature Proceedings},
doi = {10.1038/npre.2008.1894.1}}

@incollection{theil1992,
author = {Theil, H.},
booktitle = {Henri Theil's Contributions to Economics and Econometrics. Advanced Studies in Theoretical and Applied Econometrics},
title = {{A Rank-Invariant Method of Linear and Polynomial Regression Analysis}},
editor = {Raj, B. and Koerts, J.},
publisher = {Springer},
adress = {Dordrecht},
year = {1992},
doi = {doi.org/10.1007/978-94-011-2546-8_20},
isbn = {978-94-010-5124-8}}

@article{tanre1979,
author = {Tanré, D. and Herman, M. and Deschamps, P.-Y. and Leffe, A.},
year = {1979},
month = {11},
pages = {3587-94},
title = {{Atmospheric Modeling for Space Measurements of Ground Reflectances, Including Bidirectional Properties}},
volume = {18},
journal = {Applied optics},
doi = {10.1364/AO.18.003587}
}

@article{thuillier2003,
author= {Thuillier, G. and Hersé, M. and Labs, D. and Foujols, T. and Peetermans, W. and Gillotay, D. and Simon, P. C. and Mandel, H.},
title= {{The Solar Spectral Irradiance from 200 to 2400 nm as Measured by the SOLSPEC Spectrometer from the Atlas and Eureca Missions}},
journal= {Solar Physics},
year= {2003},
month= {May},
day= {01},
volume= {214},
number= {1},
pages= {1-22},
issn= {1573-093X},
doi = {10.1023/A:1024048429145},
url = {10.1023/A:1024048429145}
}

@techreport{tilstone2001,
author = {Tilstone, Gavin and Moore, Gerald},
year = {2001},
month = {01},
pages = {1-79},
title = {{Regional Validation of MERIS Chlorophyll Products in North Sea Coastal Waters. Protocols Document. MERIS and AATSR Calibration and Geophysical Validation (MAVT-2003)}},
institution = {European Comission. CORDIS. EU Research Results},
place = {Frascati, Italy}
}


@inproceedings{tilstone2003,
author = {Tilstone, G. H. and Moore, G. F. and Sorensen, K. and Doerffer, R. and Rottgers, R. and Ruddick, K. G. and Pasterkamp, R.},
title = {{Protocols for the Validation of MERIS Products in Case 2 Waters}},
year = {2003},
month = {10},
volume = {3},
booktitle = {Proceedings from ENVISAT MAVT Conference. European Space Agency.},
location = {Frascati, Italy},
url = {envisat.esa.int/workshops/mavt_2003/MAVT2003_802_REVAMPprotocols3.pdf}
}

@article{tilstone2003b,
title = {{Assessment of MODIS-Aqua Chlorophyll-a Algorithms in Coastal and Shelf Waters of the Eastern Arabian Sea}},
journal = {Continental Shelf Research},
volume = {65},
pages = {14 - 26},
year = {2013},
issn = {0278-4343},
doi = {doi.org/10.1016/j.csr.2013.06.003},
url = {sciencedirect.com/science/article/pii/S0278434313002045},
author = {Gavin H. Tilstone and Aneesh A. Lotliker and Peter I. Miller and P. Muhamed Ashraf and T. Srinivasa Kumar and T. Suresh and B. R. Ragavan and Harilal B. Menon},
}

@article{vanderlinde1998,
author = {van der Linde, W.},
year = {1998},
month = {01},
pages = {},
title = {{Protocol for Determination of Total Suspended Matter in Oceans and Coastal Zones}},
volume = {98},
journal = {JRC Technical Note I}
}

@article{vanhellemont2014,
title = {{Turbid Wakes Associated With Offshore Wind Turbines Observed With LandSat-8}},
journal = {Remote Sensing of Environment},
volume = {145},
pages = {105 - 115},
year = {2014},
issn = {0034-4257},
doi = {doi.org/10.1016/j.rse.2014.01.009},
url = {sciencedirect.com/science/article/pii/S0034425714000224},
author = {Quinten Vanhellemont and Kevin Ruddick}}

@article{vanhellemont2015,
title = {{Advantages of High Quality SWIR Bands for Ocean Colour Processing: Examples From LandSat-8}},
journal = {Remote Sensing of Environment},
volume = {161},
pages = {89 - 106},
year = {2015},
issn = {0034-4257},
doi = {doi.org/10.1016/j.rse.2015.02.007},
url = {sciencedirect.com/science/article/pii/S0034425715000577},
author = {Quinten Vanhellemont and Kevin Ruddick},
}

@article{viollier1980,
author = {Viollier, M. and Tanré, D. and Deschamps, P.-Y.},
journal = {Boundary-Layer Meteorology},
keywords = {},
number = {3},
pages = {247-267},
publisher = {OSA},
title = {{An Algorithm for Remote Sensing of Water Color From Space}},
volume = {18},
month = {May},
year = {1980},
url = {doi.org/10.1007/BF00122023},
doi = {10.1007/BF00122023}
}

@article{wang2001,
author = {Wang, Menghua and Bailey, Sean},
year = {2001},
month = {10},
pages = {4790-8},
title = {{Correction of Sun Glint Contamination On the SeaWIFS Ocean and Atmosphere Products}},
volume = {40},
journal = {Applied optics},
doi = {10.1364/AO.40.004790}
}

@article{wang2005,
author = {Wang, Menghua and Shi, Wei},
year = {2005},
month = {07},
title = {{Estimation of Ocean Contribution at the MODIS Near-Infrared Wavelengths Along the East Coast of the Us: Two Case Studies}},
volume = {32},
pages = {L13606},
journal = {Geophysical Research Letters},
doi = {10.1029/2005GL022917}
}

@article{wang2007,
author = {Menghua Wang},
journal = {Appl. Opt.},
keywords = {Atmospheric and oceanic optics ; Aerosols; Remote sensing and sensors ; Scattering; Aerosol effects; Atmospheric absorption; Atmospheric correction; Atmospheric transmittance; Mie theory; Remote sensing},
number = {9},
pages = {1535-1547},
publisher = {OSA},
title = {{Remote Sensing of the Ocean Contributions From Ultraviolet to Near-Infrared Using the Shortwave Infrared Bands: Simulations}},
volume = {46},
month = {Mar},
year = {2007},
url = {ao.osa.org/abstract.cfm?URI=ao-46-9-1535},
doi = {10.1364/AO.46.001535},
}

@article{wang2011,
author = {Wang, Menghua and Shi, Wei and Tang, Junwu},
year = {2011},
month = {03},
pages = {841-854},
title = {{Water Property Monitoring and Assessment for China's Inland Lake Taihu From MODIS-Aqua Measurements}},
volume = {115},
journal = {Remote Sensing of Environment},
doi = {10.1016/j.rse.2010.11.012}
}

@article{wang2012,
author = {Menghua Wang and Wei Shi and Lide Jiang},
journal = {Opt. Express},
keywords = {Atmospheric and oceanic optics ; Atmospheric optics; Oceanic optics ; Atmospheric correction; Absorption coefficient; Aerosol effects; Atmospheric correction; Attenuation coefficient; Ocean color; Remote sensing},
number = {2},
pages = {741-753},
publisher = {OSA},
title = {{Atmospheric Correction Using Near-Infrared Bands for Satellite Ocean Color Data Processing in the Turbid Western Pacific Region}},
volume = {20},
month = {Jan},
year = {2012},
url = {opticsexpress.org/abstract.cfm?URI=oe-20-2-741},
doi = {10.1364/OE.20.000741},
}

@article{wang2018,
author = {Wang, Menghua and Gordon, Howard},
year = {2018},
month = {03},
title = {{Sensor Performance Requirements for Atmospheric Correction of Satellite Ocean Color Remote Sensing}},
volume = {26},
issue = {6},
pages = {7390-7403},
journal = {Optics Express},
doi = {10.1364/OE.26.007390}
}

@techreport{wmo1986,
title = {{A Preliminary Cloudless Standard Atmosphere for Radiation Computation}},
author = {{World Climate Research Programme}},
group = {},
year = {1986},
number = {WMO/TD, no. 24.; WCP (Series), 112.},
institution = {International Association of Meteorology and Atmospheric Physics},
address = {Boulder, Colorado, USA},
month = {03},
publisher = {World Meteorological Organization}
}

@misc{wmoweb,
author = {WMO},
title = {{World Meteorological Organization Official Website, \url{http://public.wmo.int/en/programmes/global-climate-observing-system/essential-climate-variables}}},
note   = {Visitada: Ene. 08, 2020. [Online]}
}

@article{xing2016,
title = {{Mapping Macroalgal Blooms in the Yellow Sea and East China Sea Using HJ-1 and LandSat Data: Application of a Virtual Baseline Reflectance Height Technique}},
journal = {Remote Sensing of Environment},
volume = {178},
pages = {113 - 126},
year = {2016},
issn = {0034-4257},
doi = {doi.org/10.1016/j.rse.2016.02.065},
url = {sciencedirect.com/science/article/pii/S0034425716300840},
author = {Qianguo Xing and Chuanmin Hu}}

@article{xu2015,
  title={{Multi-Sensor Monitoring of Ulva Prolifera Blooms in the Yellow Sea Using Different Methods}},
  author={Qing Xu and Hongyuan Zhang and Yongcun Cheng},
  journal={Frontiers of Earth Science},
  year={2015},
  volume={10},
  pages={378-388}
}